<?xml version="1.0" encoding="UTF-8"?><collection xmlns="http://www.loc.gov/MARC21/slim"><record><leader>00408nam--2200145-i-4500</leader><controlfield tag="001">000024949</controlfield><controlfield tag="002">20161230</controlfield><controlfield tag="005">20170207002110</controlfield><controlfield tag="008">060222s1000------------r-----000-0-eng-d</controlfield><datafield ind1=" " ind2=" " tag="100"><subfield code="a">Claudel, Jean Claude</subfield></datafield><datafield ind1=" " ind2=" " tag="245"><subfield code="a">Conception d un systeme de programmation en la nguage symbolique</subfield><subfield code="b">these</subfield></datafield><datafield ind1=" " ind2=" " tag="260"><subfield code="b">Faculte Des Sciences</subfield><subfield code="c">1971</subfield></datafield><datafield ind1=" " ind2=" " tag="300"><subfield code="a">/P.Dif.</subfield></datafield><datafield ind1=" " ind2=" " tag="852"><subfield code="a">015:681.3.06</subfield></datafield><datafield ind1=" " ind2=" " tag="CAT"><subfield code="a">SYS</subfield><subfield code="c">20170207</subfield><subfield code="h">002110</subfield></datafield></record></collection>